<?xml version="1.0" encoding="UTF-8" ?>
<marc:collection xmlns:marc="http://www.loc.gov/MARC21/slim" xmlns:xsi="http://www.w3.org/2001/XMLSchema-instance" xsi:schemaLocation="http://www.loc.gov/MARC21/slim http://www.loc.gov/standards/marcxml/schema/MARC21slim.xsd">
	<marc:record>
		<marc:leader>03253nam a2200337   4500</marc:leader>
		<marc:controlfield tag="001">000000134130</marc:controlfield>
		<marc:controlfield tag="003">CaOOAMICUS</marc:controlfield>
		<marc:controlfield tag="005">20120608100108.0</marc:controlfield>
		<marc:controlfield tag="008">111205s2010    is o          000 0deng u</marc:controlfield>
		<marc:datafield tag="020" ind1=" " ind2=" ">
			<marc:subfield code="a">978-965-278-374-5</marc:subfield>
		</marc:datafield>
		<marc:datafield tag="040" ind1=" " ind2=" ">
			<marc:subfield code="a">BCD</marc:subfield>
			<marc:subfield code="b">spa</marc:subfield>
		</marc:datafield>
		<marc:datafield tag="110" ind1="2" ind2=" ">
			<marc:subfield code="a">Muze'on Yi´sra'el (Jerusalem) .</marc:subfield>
		</marc:datafield>
		<marc:datafield tag="245" ind1="1" ind2="0">
			<marc:subfield code="a">Contemporary art in the Israel Museum, Jerusalem /</marc:subfield>
			<marc:subfield code="c">edited by Suzanne Landau.</marc:subfield>
		</marc:datafield>
		<marc:datafield tag="260" ind1=" " ind2=" ">
			<marc:subfield code="a">Jerusalem :</marc:subfield>
			<marc:subfield code="b">The Israel Museum,</marc:subfield>
			<marc:subfield code="c">cop. 2010.</marc:subfield>
		</marc:datafield>
		<marc:datafield tag="300" ind1=" " ind2=" ">
			<marc:subfield code="a">1 v. :</marc:subfield>
			<marc:subfield code="b">fot. ;</marc:subfield>
			<marc:subfield code="c">28 cm</marc:subfield>
		</marc:datafield>
		<marc:datafield tag="511" ind1="0" ind2=" ">
			<marc:subfield code="a">Artistas: Magdalena Abakanovicz, Absalon, Vito Acconci, Darren Almond, Francis Al?s, Carlos Amorales, Nobuyoshi Araki, Richard Artschwager, john Baldessarri, Miroslaw Balka, Stephan Balkenhol, Yael Bartana, Jean-Michel Basquiat, Guy Ben-Ner, Pierre Bismuth, Barbara Bloom, Christian Boltanski, Michael Borremans, Ce´leste Boursier-Mougenot, Sophie Calle, Mircea Cantor, Cao Fei, Janet Cardiff &amp; George Bures Miller, Mauricio Cattelan, Peter Coffin, Jonas Dahlberg, Thomas Demand, Braco Dimitrijevic, Mark Dion, Stan Douglas, Keith Edmier, Olafur Eliasson, Michael Elmgreen &amp; Ingar Dragset, Leandro Erlich, Hans-Peter Feldmann, Teresita Ferna´ndez, Meter Fischli / David Weiss, Ceal Floyer, Tom Friedman, Anya Gallacio, Tim Gardner, Gideon Gechtman, Ori Gerst, Gilbert &amp; George, Robert Gober, Anthony Goicolea, Zvi Goldstein, Dominique Gonzales-Foerster, Douglas Gordon, Antony Gormley, Rodney Graham, Andreas Gursky, Mona Hatoum, Susan Hiller, Damien Hirst, Jenny Holzer, Teresa Hubbad / Alexander Birchler, Pierre Huyghe, Junya Ishigami, Erez Israeli, Alfredo Jaar, Ann Veronica Janssens, Isaac Julien, Jesper Just, Anish Kapoor, Talia Keinan, William Kentridge, Jon Kessler, Anselm Kiefer, Sigalit Landau, Annette Lemieux, Sherrie Levine, Mark Lewis, Ann Lislegaard, Sharon Lockhart, Vera Lutter, Allan McCollum, Christian Marclay, Ohad Meromi, Annette Messager, Aernout Mik, Mariko Mori, Joshua Mosley, Vik Muniz, Efrat Natan, Rivane Neuenschwander, Moshe Ninio, Gabriel Orozco, Adrian Paci, Nam June Paik, Roxy Paine, Raymond Pettibon, Paul Pfeiffer, Jack Pierson, Richard Prince, Philippe Ramette, Charles Ray, Gerard Richter, Pipilotti Rist, Ugo Rondinone, Thomas Ruff, Anri Sala, Doris Salcedo, Yehudit Sasportas, Miri Segal, Tino Sehgal,  Andres Serrano, Gil Marco Shani, Cindy Sherman, Yinka Shonibare, Kiki Smith, Doron Solomons, Haim Steinbach, Jana Sterbak, Angela Straissheim, Thomas Struth, Yoshihiro Suda, Do-Ho Suh, Tabaimo, Nahum Tevet, Wolfgang Tillmans, Su-Mei Tse, James Turrell, Luc Tuymans, Piotr Uklanski, Micha Ullman, Paloma Varga Weisz, Hill Viola, Sharif Waked, Jeff Wall, Mark Wallinger, Lawrence Weiner, Gal Weinstein, Steve Wolfe</marc:subfield>
		</marc:datafield>
		<marc:datafield tag="590" ind1="1" ind2=" ">
			<marc:subfield code="a">BCD11</marc:subfield>
		</marc:datafield>
		<marc:datafield tag="610" ind1="2" ind2="4">
			<marc:subfield code="a">Muze'on Yi´sra'el (Jerusalem)</marc:subfield>
			<marc:subfield code="v">Fondos de museos.</marc:subfield>
		</marc:datafield>
		<marc:datafield tag="650" ind1=" " ind2="4">
			<marc:subfield code="a">Arte</marc:subfield>
			<marc:subfield code="y">S. XXI.</marc:subfield>
		</marc:datafield>
		<marc:datafield tag="700" ind1="1" ind2=" ">
			<marc:subfield code="a">Landau, Suzanne.</marc:subfield>
		</marc:datafield>
		<marc:datafield tag="710" ind1="2" ind2=" ">
			<marc:subfield code="a">Muze'on Yi´sra'el (Jerusalem) .</marc:subfield>
		</marc:datafield>
		<marc:datafield tag="850" ind1=" " ind2=" ">
			<marc:subfield code="a">ARTP</marc:subfield>
		</marc:datafield>
		<marc:datafield tag="852" ind1=" " ind2=" ">
			<marc:subfield code="a">ARTP</marc:subfield>
			<marc:subfield code="x">****</marc:subfield>
			<marc:subfield code="m">FON ISRAEL 3</marc:subfield>
			<marc:subfield code="q">INTERCAMBIO</marc:subfield>
			<marc:subfield code="A">1   173@  </marc:subfield>
			<marc:subfield code="B">53039</marc:subfield>
			<marc:subfield code="F">44841         </marc:subfield>
			<marc:subfield code="S">FON ISRAEL 3</marc:subfield>
		</marc:datafield>
		<marc:datafield tag="910" ind1="2" ind2=" ">
			<marc:subfield code="a">Israel Museum (Jerusalem)</marc:subfield>
		</marc:datafield>
		<marc:datafield tag="910" ind1="2" ind2=" ">
			<marc:subfield code="a">The Israel Museum (Jerusalem)</marc:subfield>
		</marc:datafield>
		<marc:datafield tag="910" ind1="2" ind2=" ">
			<marc:subfield code="a">Israel Museum (Jerusalem)</marc:subfield>
		</marc:datafield>
		<marc:datafield tag="910" ind1="2" ind2=" ">
			<marc:subfield code="a">The Israel Museum (Jerusalem)</marc:subfield>
		</marc:datafield>
		<marc:datafield tag="990" ind1="1" ind2="0">
			<marc:subfield code="a">91001a</marc:subfield>
			<marc:subfield code="b">11002a</marc:subfield>
		</marc:datafield>
		<marc:datafield tag="990" ind1="1" ind2="0">
			<marc:subfield code="a">91002a</marc:subfield>
			<marc:subfield code="b">11002a</marc:subfield>
		</marc:datafield>
		<marc:datafield tag="990" ind1="1" ind2="0">
			<marc:subfield code="a">91003a</marc:subfield>
			<marc:subfield code="b">71002a</marc:subfield>
		</marc:datafield>
		<marc:datafield tag="990" ind1="1" ind2="0">
			<marc:subfield code="a">91004a</marc:subfield>
			<marc:subfield code="b">71002a</marc:subfield>
		</marc:datafield>
	</marc:record>