
	<marc:record>
		<marc:leader>00842nab a2200217   4500</marc:leader>
		<marc:controlfield tag="001">000000125262</marc:controlfield>
		<marc:controlfield tag="003">CaOOAMICUS</marc:controlfield>
		<marc:controlfield tag="005">20091117173909.0</marc:controlfield>
		<marc:controlfield tag="008">091117s2008    sp            0     spa u</marc:controlfield>
		<marc:datafield tag="040" ind1=" " ind2=" ">
			<marc:subfield code="a">BCD</marc:subfield>
			<marc:subfield code="b">spa</marc:subfield>
		</marc:datafield>
		<marc:datafield tag="041" ind1="1" ind2=" ">
			<marc:subfield code="a">spa</marc:subfield>
			<marc:subfield code="h">eng</marc:subfield>
		</marc:datafield>
		<marc:datafield tag="100" ind1="1" ind2=" ">
			<marc:subfield code="a">Bader, Joerg.</marc:subfield>
		</marc:datafield>
		<marc:datafield tag="245" ind1="1" ind2="0">
			<marc:subfield code="a">Arte contempora´neo_ ¿hasta cuando? =</marc:subfield>
			<marc:subfield code="b">Contemporary art_ until when? /</marc:subfield>
			<marc:subfield code="c">Joerg Bader.</marc:subfield>
		</marc:datafield>
		<marc:datafield tag="246" ind1="1" ind2="1">
			<marc:subfield code="a">Contemporary art_ until when?</marc:subfield>
		</marc:datafield>
		<marc:datafield tag="500" ind1=" " ind2=" ">
			<marc:subfield code="a">La´piz, n. 245 (julio 2008) ; pp. 82-87</marc:subfield>
		</marc:datafield>
		<marc:datafield tag="520" ind1="3" ind2=" ">
			<marc:subfield code="a">Bolzano tiene un nuevo centro de arte moderno y contempora´neo: Museion</marc:subfield>
		</marc:datafield>
		<marc:datafield tag="546" ind1=" " ind2=" ">
			<marc:subfield code="a">texto en espan~ol e ingle´s</marc:subfield>
		</marc:datafield>
		<marc:datafield tag="590" ind1="1" ind2=" ">
			<marc:subfield code="a">BCD5</marc:subfield>
		</marc:datafield>
		<marc:datafield tag="610" ind1="2" ind2="4">
			<marc:subfield code="a">Museion - Museum fu¨r moderne und zeitgeno¨ssische Kunst (Bolzano)</marc:subfield>
			<marc:subfield code="v">Arti´culos periodi´sticos.</marc:subfield>
		</marc:datafield>
		<marc:datafield tag="650" ind1=" " ind2="4">
			<marc:subfield code="a">Museos</marc:subfield>
			<marc:subfield code="z">Italia</marc:subfield>
			<marc:subfield code="v">Arti´culos periodi´sticos.</marc:subfield>
		</marc:datafield>
		<marc:datafield tag="773" ind1="0" ind2=" ">
			<marc:subfield code="t">La´piz.</marc:subfield>
			<marc:subfield code="x">0212-1700</marc:subfield>
			<marc:subfield code="g">n. 245 (julio 2008) ; pp. 82-87</marc:subfield>
			<marc:subfield code="w">(BCD)53196</marc:subfield>
		</marc:datafield>
	</marc:record>