
	<marc:record>
		<marc:leader>00949nam a2200229   4500</marc:leader>
		<marc:controlfield tag="001">000000121069</marc:controlfield>
		<marc:controlfield tag="003">CaOOAMICUS</marc:controlfield>
		<marc:controlfield tag="005">20090312120006.0</marc:controlfield>
		<marc:controlfield tag="008">090312n        be o          000 0deng u</marc:controlfield>
		<marc:datafield tag="040" ind1=" " ind2=" ">
			<marc:subfield code="a">BCD</marc:subfield>
			<marc:subfield code="b">spa</marc:subfield>
		</marc:datafield>
		<marc:datafield tag="245" ind1="0" ind2="0">
			<marc:subfield code="a">Contemporary art.</marc:subfield>
		</marc:datafield>
		<marc:datafield tag="260" ind1=" " ind2=" ">
			<marc:subfield code="a">Knokke :</marc:subfield>
			<marc:subfield code="b">Andre Simoens Gallery,</marc:subfield>
			<marc:subfield code="c">[s. a.]</marc:subfield>
		</marc:datafield>
		<marc:datafield tag="300" ind1=" " ind2=" ">
			<marc:subfield code="a">[68] p. :</marc:subfield>
			<marc:subfield code="b">fot. ;</marc:subfield>
			<marc:subfield code="c">20 x 20 cm</marc:subfield>
		</marc:datafield>
		<marc:datafield tag="500" ind1=" " ind2=" ">
			<marc:subfield code="a">Donacio´n ARCO 2008</marc:subfield>
		</marc:datafield>
		<marc:datafield tag="511" ind1="0" ind2=" ">
			<marc:subfield code="a">Artistas: Pierre Alechinsky, Karel Appel, Jean-Michel Atlan, Jean-Michel Basquiat, Ejler Bille, Fernando Botero, Marcel Broodthaers, Christo,  Constant, Corneille, Jacques Doucet, Jean Dubuffet, Gilbert and George, Asger Jorn, Kenneth Noland, Bram van Velde, Paul Wunderlich, Ossip Zadkine</marc:subfield>
		</marc:datafield>
		<marc:datafield tag="590" ind1="1" ind2=" ">
			<marc:subfield code="a">BCD11</marc:subfield>
		</marc:datafield>
		<marc:datafield tag="650" ind1=" " ind2="4">
			<marc:subfield code="a">Pintura</marc:subfield>
			<marc:subfield code="y">S. XX.</marc:subfield>
		</marc:datafield>
		<marc:datafield tag="650" ind1=" " ind2="4">
			<marc:subfield code="a">Escultura</marc:subfield>
			<marc:subfield code="y">S. XX.</marc:subfield>
		</marc:datafield>
		<marc:datafield tag="650" ind1=" " ind2="4">
			<marc:subfield code="a">Fotografi´a</marc:subfield>
			<marc:subfield code="y">S. XX.</marc:subfield>
		</marc:datafield>
		<marc:datafield tag="710" ind1="2" ind2=" ">
			<marc:subfield code="a">Andre Simoens Gallery (Knokke, Be´lgica)</marc:subfield>
		</marc:datafield>
		<marc:datafield tag="850" ind1=" " ind2=" ">
			<marc:subfield code="a">ARTP</marc:subfield>
		</marc:datafield>
		<marc:datafield tag="852" ind1=" " ind2=" ">
			<marc:subfield code="a">ARTP</marc:subfield>
			<marc:subfield code="x">****</marc:subfield>
			<marc:subfield code="m">EC 4059</marc:subfield>
			<marc:subfield code="q">ARCO</marc:subfield>
			<marc:subfield code="A">1   173@  </marc:subfield>
			<marc:subfield code="B">46748</marc:subfield>
			<marc:subfield code="F">38743         </marc:subfield>
			<marc:subfield code="S">EC 4059</marc:subfield>
		</marc:datafield>
	</marc:record>