
	<marc:record>
		<marc:leader>01119nam a2200253   4500</marc:leader>
		<marc:controlfield tag="001">000000116482</marc:controlfield>
		<marc:controlfield tag="003">CaOOAMICUS</marc:controlfield>
		<marc:controlfield tag="005">20080728150241.0</marc:controlfield>
		<marc:controlfield tag="008">080724s2006    xxko          000 0deng u</marc:controlfield>
		<marc:datafield tag="020" ind1=" " ind2=" ">
			<marc:subfield code="a">0-9553411-0-8</marc:subfield>
		</marc:datafield>
		<marc:datafield tag="020" ind1=" " ind2=" ">
			<marc:subfield code="a">1-86154-305-0</marc:subfield>
		</marc:datafield>
		<marc:datafield tag="040" ind1=" " ind2=" ">
			<marc:subfield code="a">BCD</marc:subfield>
			<marc:subfield code="b">spa</marc:subfield>
		</marc:datafield>
		<marc:datafield tag="245" ind1="0" ind2="0">
			<marc:subfield code="a">Contemporary art in print :</marc:subfield>
			<marc:subfield code="b">the publications of Charles Booth-Clibborn and his imprint : the Paragon Press 2001 - 2006 /</marc:subfield>
			<marc:subfield code="c">edited by Etienne Lullin and Florian-Oliver Simm.</marc:subfield>
		</marc:datafield>
		<marc:datafield tag="260" ind1=" " ind2=" ">
			<marc:subfield code="a">London :</marc:subfield>
			<marc:subfield code="b">The Paragon Press,</marc:subfield>
			<marc:subfield code="c">2006.</marc:subfield>
		</marc:datafield>
		<marc:datafield tag="300" ind1=" " ind2=" ">
			<marc:subfield code="a">336 p. :</marc:subfield>
			<marc:subfield code="b">fot. ;</marc:subfield>
			<marc:subfield code="c">30 cm</marc:subfield>
			</marc:datafield>
		<marc:datafield tag="500" ind1=" " ind2=" ">
			<marc:subfield code="a">Donacio´n ARCO 2008</marc:subfield>
		</marc:datafield>
		<marc:datafield tag="511" ind1="0" ind2=" ">
			<marc:subfield code="a">Artistas: Roger Ackling, Hurvin Anderson, Gillian Carnegie, Jake and Dinos Chapman, Alan Davie, Peter Doig, Terry Frost, Damien Hirst, Gary Hume, Michael Landy, Christopher Le Brun, Elizabeth Magill, Sarah Morris, Paul Morrison, Grayson Perry, Marc Quinn, George Shaw, Bill Woodrow.</marc:subfield>
		</marc:datafield>
		<marc:datafield tag="590" ind1="1" ind2=" ">
			<marc:subfield code="a">BCD4</marc:subfield>
		</marc:datafield>
		<marc:datafield tag="650" ind1=" " ind2="4">
			<marc:subfield code="a">Pintura</marc:subfield>
			<marc:subfield code="y">S. XX.</marc:subfield>
		</marc:datafield>
		<marc:datafield tag="650" ind1=" " ind2="4">
			<marc:subfield code="a">Dibujo</marc:subfield>
			<marc:subfield code="y">S. XX.</marc:subfield>
		</marc:datafield>
		<marc:datafield tag="700" ind1="1" ind2=" ">
			<marc:subfield code="a">Lullin, Etienne.</marc:subfield>
		</marc:datafield>
		<marc:datafield tag="700" ind1="1" ind2=" ">
			<marc:subfield code="a">Simm, Florian-Oliver.</marc:subfield>
		</marc:datafield>
		<marc:datafield tag="850" ind1=" " ind2=" ">
			<marc:subfield code="a">ARTP</marc:subfield>
		</marc:datafield>
		<marc:datafield tag="852" ind1=" " ind2=" ">
			<marc:subfield code="a">ARTP</marc:subfield>
			<marc:subfield code="x">****</marc:subfield>
			<marc:subfield code="m">EC 3978</marc:subfield>
			<marc:subfield code="q">ARCO</marc:subfield>
			<marc:subfield code="A">1   173@  </marc:subfield>
			<marc:subfield code="B">43905</marc:subfield>
			<marc:subfield code="F">36926         </marc:subfield>
			<marc:subfield code="S">EC 3978</marc:subfield>
		</marc:datafield>
	</marc:record>