
	<marc:record>
		<marc:leader>01287nab a2200253   4500</marc:leader>
		<marc:controlfield tag="001">000000116333</marc:controlfield>
		<marc:controlfield tag="003">CaOOAMICUS</marc:controlfield>
		<marc:controlfield tag="005">20080723174856.0</marc:controlfield>
		<marc:controlfield tag="008">080716s2005    sp uu         0    0spa u</marc:controlfield>
		<marc:datafield tag="040" ind1=" " ind2=" ">
			<marc:subfield code="a">BCD</marc:subfield>
			<marc:subfield code="b">spa</marc:subfield>
		</marc:datafield>
		<marc:datafield tag="041" ind1="1" ind2=" ">
			<marc:subfield code="a">spa</marc:subfield>
			<marc:subfield code="h">eng</marc:subfield>
		</marc:datafield>
		<marc:datafield tag="245" ind1="0" ind2="0">
			<marc:subfield code="a">Centro de Arte Contempora´neo, Leo´n</marc:subfield>
			<marc:subfield code="h">[Arti´culo] =</marc:subfield>
			<marc:subfield code="b">Contemporary Art Center, Leo´n : M. Mansilla &amp; Tun~o´n.</marc:subfield>
		</marc:datafield>
		<marc:datafield tag="246" ind1="1" ind2="1">
			<marc:subfield code="a">Contemporary Art Center, Leo´n : M. Mansilla &amp; Tun~o´n</marc:subfield>
		</marc:datafield>
		<marc:datafield tag="500" ind1=" " ind2=" ">
			<marc:subfield code="a">AV Monografi´as, n. 111-112 (2005)</marc:subfield>
		</marc:datafield>
		<marc:datafield tag="505" ind1="0" ind2=" ">
			<marc:subfield code="a">Contiene fotografi´as y planos</marc:subfield>
		</marc:datafield>
		<marc:datafield tag="520" ind1="3" ind2=" ">
			<marc:subfield code="a">El MUSAC, Museo de Arte Contempora´neo de Leo´n, se ha emplazado en un edificio construido por la unio´n de piezas auto´nomas en un contorno irregular y quebrado, y cuyo exterior se muestra con vidrios de seguridad coloreados</marc:subfield>
		</marc:datafield>
		<marc:datafield tag="546" ind1=" " ind2=" ">
			<marc:subfield code="a">Texto paralelo en espan~ol e ingle´s</marc:subfield>
		</marc:datafield>
		<marc:datafield tag="590" ind1="1" ind2=" ">
			<marc:subfield code="a">BCD1</marc:subfield>
		</marc:datafield>
		<marc:datafield tag="610" ind1="2" ind2="4">
			<marc:subfield code="a">Mansilla + Tun~o´n Arquitectos (Firma)</marc:subfield>
			<marc:subfield code="v">Arti´culos periodi´sticos.</marc:subfield>
		</marc:datafield>
		<marc:datafield tag="610" ind1="2" ind2="4">
			<marc:subfield code="a">Museo de Arte Contempora´neo de Castilla y Leo´n (Leo´n)</marc:subfield>
			<marc:subfield code="v">Arti´culos periodi´sticos.</marc:subfield>
		</marc:datafield>
		<marc:datafield tag="650" ind1=" " ind2="4">
			<marc:subfield code="a">Arquitectura</marc:subfield>
			<marc:subfield code="z">Espan~a</marc:subfield>
			<marc:subfield code="y">S. XX</marc:subfield>
			<marc:subfield code="v">Arti´culos periodi´sticos.</marc:subfield>
		</marc:datafield>
		<marc:datafield tag="650" ind1=" " ind2="4">
			<marc:subfield code="a">Edificios para museos</marc:subfield>
			<marc:subfield code="z">Espan~a</marc:subfield>
			<marc:subfield code="v">Arti´culos periodi´sticos.</marc:subfield>
		</marc:datafield>
		<marc:datafield tag="650" ind1=" " ind2="4">
			<marc:subfield code="a">Edificios culturales</marc:subfield>
			<marc:subfield code="v">Arti´culos periodi´sticos.</marc:subfield>
		</marc:datafield>
		<marc:datafield tag="773" ind1="0" ind2=" ">
			<marc:subfield code="t">AV.</marc:subfield>
			<marc:subfield code="x">0213-487X</marc:subfield>
			<marc:subfield code="g">n. 111-112 (2005) ; pp. 76-85</marc:subfield>
			<marc:subfield code="w">(BCD)76782</marc:subfield>
		</marc:datafield>
	</marc:record>