
	<marc:record>
		<marc:leader>00921nam a2200265   4500</marc:leader>
		<marc:controlfield tag="001">000000103037</marc:controlfield>
		<marc:controlfield tag="003">CaOOAMICUS</marc:controlfield>
		<marc:controlfield tag="005">20061204135347.0</marc:controlfield>
		<marc:controlfield tag="008">061204s1995    be o          000 0 fre u</marc:controlfield>
		<marc:datafield tag="040" ind1=" " ind2=" ">
			<marc:subfield code="a">BCD</marc:subfield>
			<marc:subfield code="b">spa</marc:subfield>
		</marc:datafield>
		<marc:datafield tag="041" ind1="1" ind2=" ">
			<marc:subfield code="a">fre</marc:subfield>
			<marc:subfield code="h">ger</marc:subfield>
			<marc:subfield code="h">eng</marc:subfield>
		</marc:datafield>
		<marc:datafield tag="111" ind1="2" ind2=" ">
			<marc:subfield code="a">Foire d'Art Actuel</marc:subfield>
			<marc:subfield code="n">(14 :,</marc:subfield>
			<marc:subfield code="d">1995 :</marc:subfield>
			<marc:subfield code="c">Be´lgica)</marc:subfield>
		</marc:datafield>
		<marc:datafield tag="245" ind1="1" ind2="0">
			<marc:subfield code="a">Foire d'art actuel =</marc:subfield>
			<marc:subfield code="b">Aktuele kunstmarkt = Contemporary Art fair.</marc:subfield>
		</marc:datafield>
		<marc:datafield tag="246" ind1="1" ind2="1">
			<marc:subfield code="a">Aktuele kunstmarkt </marc:subfield>
		</marc:datafield>
		<marc:datafield tag="246" ind1="1" ind2="1">
			<marc:subfield code="a">Contemporary Art Fair</marc:subfield>
		</marc:datafield>
		<marc:datafield tag="260" ind1=" " ind2=" ">
			<marc:subfield code="a">[S. l.] :</marc:subfield>
			<marc:subfield code="b">Association des Galeries d'Art Actuel,</marc:subfield>
			<marc:subfield code="c">[1995?]</marc:subfield>
		</marc:datafield>
		<marc:datafield tag="300" ind1=" " ind2=" ">
			<marc:subfield code="a">1 v. :</marc:subfield>
			<marc:subfield code="b">fot. ;</marc:subfield>
			<marc:subfield code="c">24 cm</marc:subfield>
		</marc:datafield>
		<marc:datafield tag="500" ind1=" " ind2=" ">
			<marc:subfield code="a">Donacio´n ARCO 2006</marc:subfield>
		</marc:datafield>
		<marc:datafield tag="546" ind1=" " ind2=" ">
			<marc:subfield code="a">Texto en france´s, alema´n e ingle´s</marc:subfield>
		</marc:datafield>
		<marc:datafield tag="585" ind1=" " ind2=" ">
			<marc:subfield code="a">Exposicio´n entre el 21 y el 25 de abril de 1995</marc:subfield>
		</marc:datafield>
		<marc:datafield tag="590" ind1="1" ind2=" ">
			<marc:subfield code="a">BCD4</marc:subfield>
		</marc:datafield>
		<marc:datafield tag="650" ind1=" " ind2="4">
			<marc:subfield code="a">Galeri´as de arte</marc:subfield>
			<marc:subfield code="v">Directorios.</marc:subfield>
		</marc:datafield>
		<marc:datafield tag="710" ind1="2" ind2=" ">
			<marc:subfield code="a">Association des Galeries d'Art Actuel.</marc:subfield>
		</marc:datafield>
		<marc:datafield tag="850" ind1=" " ind2=" ">
			<marc:subfield code="a">ARTP</marc:subfield>
		</marc:datafield><marc:datafield tag="852" ind1=" " ind2=" ">
			<marc:subfield code="a">ARTP</marc:subfield>
			<marc:subfield code="x">****</marc:subfield>
			<marc:subfield code="m">R 97</marc:subfield>
			<marc:subfield code="q">ARCO</marc:subfield>
			<marc:subfield code="A">1   173@  </marc:subfield>
			<marc:subfield code="B">34618</marc:subfield>
			<marc:subfield code="F">29558         </marc:subfield>
			<marc:subfield code="S">R 97</marc:subfield>
		</marc:datafield>
	</marc:record>