
	<marc:record>
		<marc:leader>01833nam a2200265   4500</marc:leader>
		<marc:controlfield tag="001">000000062646</marc:controlfield>
		<marc:controlfield tag="003">CaOOAMICUS</marc:controlfield>
		<marc:controlfield tag="005">20030328105627.0</marc:controlfield>
		<marc:controlfield tag="008">030328s1996    xxkoooo       001 0deng u</marc:controlfield>
		<marc:datafield tag="020" ind1=" " ind2=" ">
			<marc:subfield code="a">0-415-91190-7</marc:subfield>
		</marc:datafield>
		<marc:datafield tag="040" ind1=" " ind2=" ">
			<marc:subfield code="a">BCD</marc:subfield>
			<marc:subfield code="b">spa</marc:subfield>
		</marc:datafield>
		<marc:datafield tag="245" ind1="0" ind2="0">
			<marc:subfield code="a">Contemporary art and multicultural education /</marc:subfield>
			<marc:subfield code="c">edited by Susan Cahan and Zoya Kocur.</marc:subfield>
		</marc:datafield>
		<marc:datafield tag="260" ind1=" " ind2=" ">
			<marc:subfield code="a">New York :</marc:subfield>
			<marc:subfield code="b">The New Museum of Contemporary Art  ;</marc:subfield>
			<marc:subfield code="a">London ;</marc:subfield>
			<marc:subfield code="a">New York :</marc:subfield>
			<marc:subfield code="b">Routledge,</marc:subfield>
			<marc:subfield code="c">1996.</marc:subfield>
		</marc:datafield>
		<marc:datafield tag="300" ind1=" " ind2=" ">
			<marc:subfield code="a">xxxi, 392 p. :</marc:subfield>
			<marc:subfield code="b">fot. ;</marc:subfield>
			<marc:subfield code="c">27 cm</marc:subfield>
		</marc:datafield>
		<marc:datafield tag="511" ind1="1" ind2=" ">
			<marc:subfield code="a">Artistas: John Ahearn, Rigoberto Torres, Melissa Antonow, Kristine Yuki Aono, Eduardo Aparicio, Ida Applebroog, Tomie Arai, Luis Cruz Azaceta, Border Art Workshop = Taller de Arte Fronterizo, Coqui Caldero´n, Ken Chu, Houston COnvill, Joseph Depace, Estella Conwill Majozo, Jimmie Durham, Epoxy Art Group, Guillermo Go´mez-Pen~a, Gran Fury, Group Material, Dolores Guerrero-cruz, Guerrilla Girls, Marina Gutie´rrez, David Hammons, Keith Haring, Richard Hill, Jean LaMarr, Elizabeth Layton, Dinh Le, Maya Lin, Yolanda M. Lo´pez, James Luna, Amalia Mesa-Bains, Kay Miller, Yong Soon Min, Lorraine O'Grady, Barbara Jo Revelle, Jolene Rickard, Faith Ringgold, Juan Sa´nchez, Andre´s Serrano, Helen Zughaib Shoreman, Coreen Simpson, Elizabeth Sisco, Louis Hock, David Avalos, Clarissa Sligh, Diosa Summers, Masami Teraoka, Danny Tisdale, Richard Ray Whitman, Pat Ward Williams, Krzysztof Wodiczko, David Wojnarowicz, YA-YA, Inc.</marc:subfield>
		</marc:datafield>
		<marc:datafield tag="590" ind1="1" ind2=" ">
			<marc:subfield code="a">BCD3</marc:subfield>
		</marc:datafield>
		<marc:datafield tag="650" ind1=" " ind2="4">
			<marc:subfield code="a">Arte</marc:subfield>
			<marc:subfield code="x">Educacio´n y ensen~anza.</marc:subfield>
		</marc:datafield>
		<marc:datafield tag="650" ind1=" " ind2="4">
			<marc:subfield code="a">Pluralidad cultural.</marc:subfield>
		</marc:datafield>
		<marc:datafield tag="700" ind1="1" ind2=" ">
			<marc:subfield code="a">Cahan, Susan.</marc:subfield>
		</marc:datafield>
		<marc:datafield tag="700" ind1="1" ind2=" ">
			<marc:subfield code="a">Kocur, Zoya.</marc:subfield>
		</marc:datafield>
		<marc:datafield tag="710" ind1="2" ind2=" ">
			<marc:subfield code="a">New Museum of Contemporary Art (Nueva York)</marc:subfield>
		</marc:datafield>
		<marc:datafield tag="850" ind1=" " ind2=" ">
			<marc:subfield code="a">ARTP</marc:subfield>
		</marc:datafield>
		<marc:datafield tag="852" ind1=" " ind2=" ">
			<marc:subfield code="a">ARTP</marc:subfield>
			<marc:subfield code="x">****</marc:subfield>
			<marc:subfield code="m">EDU 21</marc:subfield>
			<marc:subfield code="q">Compra</marc:subfield>
			<marc:subfield code="A">1   173@  </marc:subfield>
			<marc:subfield code="B">9913</marc:subfield>
			<marc:subfield code="F">9583          </marc:subfield>
			<marc:subfield code="S">EDU 21</marc:subfield>
		</marc:datafield>
		<marc:datafield tag="910" ind1="2" ind2=" ">
			<marc:subfield code="a">The New Museum of Contemporary Art (Nueva York) .</marc:subfield>
		</marc:datafield>
		<marc:datafield tag="990" ind1="1" ind2="0">
			<marc:subfield code="a">91001a</marc:subfield>
			<marc:subfield code="b">71003a</marc:subfield>
		</marc:datafield>
	</marc:record>