
	<marc:record>
		<marc:leader>01082nam a2200289   4500</marc:leader>
		<marc:controlfield tag="001">000000059815</marc:controlfield>
		<marc:controlfield tag="003">CaOOAMICUS</marc:controlfield>
		<marc:controlfield tag="005">20031222170533.0</marc:controlfield>
		<marc:controlfield tag="008">030131s1996    gw oooo       001 0dger u</marc:controlfield>
		<marc:datafield tag="040" ind1=" " ind2=" ">
			<marc:subfield code="a">BCD</marc:subfield>
			<marc:subfield code="b">spa</marc:subfield>
		</marc:datafield>
		<marc:datafield tag="041" ind1="1" ind2=" ">
			<marc:subfield code="a">ger</marc:subfield>
			<marc:subfield code="h">eng</marc:subfield>
		</marc:datafield>
		<marc:datafield tag="100" ind1="1" ind2=" ">
			<marc:subfield code="a">Nechvatal, Joseph,</marc:subfield>
			<marc:subfield code="d">1951-</marc:subfield>
		</marc:datafield>
		<marc:datafield tag="245" ind1="1" ind2="0">
			<marc:subfield code="a">Joseph Nechvatal :</marc:subfield>
			<marc:subfield code="b">retrospektive /</marc:subfield>
			<marc:subfield code="c">[texto, Johanna Drucker].</marc:subfield>
		</marc:datafield>
		<marc:datafield tag="260" ind1=" " ind2=" ">
			<marc:subfield code="a">Ko¨ln :</marc:subfield>
			<marc:subfield code="b">Galerie Berndt,</marc:subfield>
			<marc:subfield code="c">[1996?]</marc:subfield>
		</marc:datafield>
		<marc:datafield tag="300" ind1=" " ind2=" ">
			<marc:subfield code="a">31 p. :</marc:subfield>
			<marc:subfield code="b">fot. ;</marc:subfield>
			<marc:subfield code="c">26 cm</marc:subfield>
		</marc:datafield>
		<marc:datafield tag="440" ind1=" " ind2="0">
			<marc:subfield code="a">Contemporary Art (Galerie Berndt)</marc:subfield>
		</marc:datafield>
		<marc:datafield tag="490" ind1="1" ind2=" ">
			<marc:subfield code="a">Contemporary Art</marc:subfield>
		</marc:datafield>
		<marc:datafield tag="500" ind1=" " ind2=" ">
			<marc:subfield code="a">Textos en alema´n e ingle´s</marc:subfield>
		</marc:datafield>
		<marc:datafield tag="585" ind1=" " ind2=" ">
			<marc:subfield code="a">Exposicio´n celebrada en la Galerie Berndt Kunsthandel GmbH de Ko¨ln del 5 de julio al 14 de septiembre de 1996</marc:subfield>
		</marc:datafield>
		<marc:datafield tag="590" ind1="1" ind2=" ">
			<marc:subfield code="a">BCD4</marc:subfield>
		</marc:datafield>
		<marc:datafield tag="600" ind1="1" ind2="4">
			<marc:subfield code="a">Nechvatal, Joseph,</marc:subfield>
			<marc:subfield code="d">1951- </marc:subfield>
			<marc:subfield code="v">Exposiciones.</marc:subfield>
		</marc:datafield>
		<marc:datafield tag="650" ind1=" " ind2="4">
			<marc:subfield code="a">Arte electrogra´fico</marc:subfield>
			<marc:subfield code="z">Estados Unidos</marc:subfield>
			<marc:subfield code="y">S. XX</marc:subfield>
			<marc:subfield code="v">Exposiciones .</marc:subfield>
		</marc:datafield>
		<marc:datafield tag="700" ind1="1" ind2=" ">
			<marc:subfield code="a">Drucker, Johanna.</marc:subfield>
		</marc:datafield>
		<marc:datafield tag="710" ind1="2" ind2=" ">
			<marc:subfield code="a">Galerie Berndt Kunsthandel GmbH (Colonia)</marc:subfield>
		</marc:datafield>
		<marc:datafield tag="830" ind1=" " ind2="0">
			<marc:subfield code="a">Contemporary Art (Galerie Berndt)</marc:subfield>
		</marc:datafield><marc:datafield tag="850" ind1=" " ind2=" ">
			<marc:subfield code="a">ARTP</marc:subfield>
		</marc:datafield>
		<marc:datafield tag="852" ind1=" " ind2=" ">
			<marc:subfield code="a">ARTP</marc:subfield>
			<marc:subfield code="x">****</marc:subfield>
			<marc:subfield code="m">AR NEC-JO 1</marc:subfield>
			<marc:subfield code="q">BBAA</marc:subfield>
			<marc:subfield code="A">1   173@  </marc:subfield>
			<marc:subfield code="B">7273</marc:subfield>
			<marc:subfield code="F">7300          </marc:subfield>
			<marc:subfield code="S">AR NEC-JO 1</marc:subfield>
		</marc:datafield>
	</marc:record>