
	<marc:record>
		<marc:leader>01158nam a2200289   4500</marc:leader>
		<marc:controlfield tag="001">000000059514</marc:controlfield>
		<marc:controlfield tag="003">CaOOAMICUS</marc:controlfield>
		<marc:controlfield tag="005">20030124133140.0</marc:controlfield>
		<marc:controlfield tag="008">030124s2001    fr oooo       001 0deng u</marc:controlfield>
		<marc:datafield tag="020" ind1=" " ind2=" ">
			<marc:subfield code="a">2-84066-050-4</marc:subfield>
		</marc:datafield>
		<marc:datafield tag="040" ind1=" " ind2=" ">
			<marc:subfield code="a">BCD</marc:subfield>
			<marc:subfield code="b">spa</marc:subfield>
		</marc:datafield>
		<marc:datafield tag="111" ind1="2" ind2=" ">
			<marc:subfield code="a">Caribbean Biennial</marc:subfield>
			<marc:subfield code="n">(6a.)</marc:subfield>
		</marc:datafield>
		<marc:datafield tag="245" ind1="1" ind2="0">
			<marc:subfield code="a">6th Caribbean Biennial /</marc:subfield>
			<marc:subfield code="c">a project by Maurizio Cattelan ; edited by Bettina Funcke ;  [organized by Maurizio Cattelan, and Jens Hoffmann].</marc:subfield>
		</marc:datafield>
		<marc:datafield tag="246" ind1="1" ind2=" ">
			<marc:subfield code="a">Sixth Caribbean Biennial</marc:subfield>
		</marc:datafield>
		<marc:datafield tag="260" ind1=" " ind2=" ">
			<marc:subfield code="a">[Dijon] :</marc:subfield>
			<marc:subfield code="b">Les Presses du Re´el,</marc:subfield>
			<marc:subfield code="c">cop. 2001.</marc:subfield>
		</marc:datafield>
		<marc:datafield tag="300" ind1=" " ind2=" ">
			<marc:subfield code="a">1 v. :</marc:subfield>
			<marc:subfield code="b">fot. ;</marc:subfield>
			<marc:subfield code="c">27 cm</marc:subfield>
		</marc:datafield>
		<marc:datafield tag="490" ind1="1" ind2=" ">
			<marc:subfield code="a">Contemporary Art</marc:subfield>
		</marc:datafield>
		<marc:datafield tag="500" ind1=" " ind2=" ">
			<marc:subfield code="a">Datos tomados de la cub.</marc:subfield>
		</marc:datafield>
		<marc:datafield tag="511" ind1="1" ind2=" ">
			<marc:subfield code="a">Artistas: Vanessa Beecroft, Olafur Eliasson, Douglas Gordon, Mariko Mori, Chris Ofili, Gabriel Orozco, Elisabeth Peyton, Pipilotti Rist, Tobias Rehberger, Rirkrit Tiravanija</marc:subfield>
		</marc:datafield>
		<marc:datafield tag="590" ind1="1" ind2=" ">
			<marc:subfield code="a">BCD3</marc:subfield>
		</marc:datafield>
		<marc:datafield tag="650" ind1=" " ind2="4">
			<marc:subfield code="a">Arte</marc:subfield>
			<marc:subfield code="y">S. XX</marc:subfield>
			<marc:subfield code="v">Congresos y asambleas.</marc:subfield>
		</marc:datafield>
		<marc:datafield tag="700" ind1="1" ind2=" ">
			<marc:subfield code="a">Cattelan, Maurizio,</marc:subfield>
			<marc:subfield code="d">1960- .</marc:subfield>
		</marc:datafield>
		<marc:datafield tag="700" ind1="1" ind2=" ">
			<marc:subfield code="a">Funcke, Bettina.</marc:subfield>
		</marc:datafield>
		<marc:datafield tag="700" ind1="1" ind2=" ">
			<marc:subfield code="a">Hoffmann, Jens.</marc:subfield>
		</marc:datafield>
		<marc:datafield tag="830" ind1=" " ind2="0">
			<marc:subfield code="a">Contemporary Art (Les Presses du Re´el)</marc:subfield>
		</marc:datafield>
		<marc:datafield tag="850" ind1=" " ind2=" ">
			<marc:subfield code="a">ARTP</marc:subfield>
		</marc:datafield>
		<marc:datafield tag="852" ind1=" " ind2=" ">
			<marc:subfield code="a">ARTP</marc:subfield>
			<marc:subfield code="x">****</marc:subfield>
			<marc:subfield code="m">EC 781</marc:subfield>
			<marc:subfield code="q">Compra</marc:subfield>
			<marc:subfield code="A">1   173@  </marc:subfield>
			<marc:subfield code="B">7070</marc:subfield>
			<marc:subfield code="F">7099          </marc:subfield>
			<marc:subfield code="S">EC 781</marc:subfield>
		</marc:datafield>
	</marc:record>