
	<marc:record>
		<marc:leader>00542nam a2200193   4500</marc:leader>
		<marc:controlfield tag="001">000000055725</marc:controlfield>
		<marc:controlfield tag="003">CaOOAMICUS</marc:controlfield>
		<marc:controlfield tag="005">20021007130436.0</marc:controlfield>
		<marc:controlfield tag="008">021007s1988    xxuo          000 0deng u</marc:controlfield>
		<marc:datafield tag="020" ind1=" " ind2=" ">
			<marc:subfield code="a">3-8228-0075-9</marc:subfield>
		</marc:datafield>
		<marc:datafield tag="040" ind1=" " ind2=" ">
			<marc:subfield code="a">BCD</marc:subfield>
			<marc:subfield code="b">spa</marc:subfield>
		</marc:datafield>
		<marc:datafield tag="100" ind1="1" ind2=" ">
			<marc:subfield code="a">Honnef, Klaus.</marc:subfield>
		</marc:datafield>
		<marc:datafield tag="245" ind1="1" ind2="0">
			<marc:subfield code="a">Contemporary art /</marc:subfield>
			<marc:subfield code="c">Klaus Honnef.</marc:subfield>
		</marc:datafield>
		<marc:datafield tag="260" ind1=" " ind2=" ">
			<marc:subfield code="a">[Ko¨ln] :</marc:subfield>
			<marc:subfield code="b">Taschen,</marc:subfield>
			<marc:subfield code="c">cop. 1988.</marc:subfield>
		</marc:datafield>
		<marc:datafield tag="300" ind1=" " ind2=" ">
			<marc:subfield code="a">279 p. :</marc:subfield>
			<marc:subfield code="b">fot. ;</marc:subfield>
			<marc:subfield code="c">31 cm</marc:subfield>
		</marc:datafield>
		<marc:datafield tag="590" ind1="1" ind2=" ">
			<marc:subfield code="a">BCD9</marc:subfield>
		</marc:datafield>
		<marc:datafield tag="650" ind1=" " ind2="4">
			<marc:subfield code="a">Arte</marc:subfield>
			<marc:subfield code="x">Historia</marc:subfield>
			<marc:subfield code="y">S. XX.</marc:subfield>
		</marc:datafield>
		<marc:datafield tag="850" ind1=" " ind2=" ">
			<marc:subfield code="a">ARTP</marc:subfield>
		</marc:datafield>
		<marc:datafield tag="852" ind1=" " ind2=" ">
			<marc:subfield code="a">ARTP</marc:subfield>
			<marc:subfield code="x">****</marc:subfield>
			<marc:subfield code="m">M 143</marc:subfield>
			<marc:subfield code="q">BBAA</marc:subfield>
			<marc:subfield code="A">1   173@  </marc:subfield>
			<marc:subfield code="B">4747</marc:subfield>
			<marc:subfield code="F">4789          </marc:subfield>
			<marc:subfield code="S">M 143</marc:subfield>
		</marc:datafield>
	</marc:record>