
	<marc:record>
		<marc:leader>01379nam a2200229   4500</marc:leader>
		<marc:controlfield tag="001">000000050196</marc:controlfield>
		<marc:controlfield tag="003">CaOOAMICUS</marc:controlfield>
		<marc:controlfield tag="005">20020520122602.0</marc:controlfield>
		<marc:controlfield tag="008">020320t1996    xxuao         000 0deng u</marc:controlfield>
		<marc:datafield tag="020" ind1=" " ind2=" ">
			<marc:subfield code="a">0-8109-6331-0</marc:subfield>
		</marc:datafield>
		<marc:datafield tag="040" ind1=" " ind2=" ">
			<marc:subfield code="a">BCD</marc:subfield>
			<marc:subfield code="b">spa</marc:subfield>
		</marc:datafield><marc:datafield tag="245" ind1="0" ind2="0">
			<marc:subfield code="a">Contemporary art in Asia :</marc:subfield>
			<marc:subfield code="b">traditions tensions /</marc:subfield>
			<marc:subfield code="c">guest curator Apinan Poshyananda ; essays by Apinan Poshyananda...[et al.].</marc:subfield>
		</marc:datafield>
		<marc:datafield tag="260" ind1=" " ind2=" ">
			<marc:subfield code="a">New York :</marc:subfield>
			<marc:subfield code="b">Asia Society Galleries,</marc:subfield>
			<marc:subfield code="c">cop. 1996.</marc:subfield>
		</marc:datafield>
		<marc:datafield tag="300" ind1=" " ind2=" ">
			<marc:subfield code="a">239 p. :</marc:subfield>
			<marc:subfield code="b">fot., il. ;</marc:subfield>
			<marc:subfield code="c">30 cm</marc:subfield>
		</marc:datafield>
		<marc:datafield tag="511" ind1="1" ind2=" ">
			<marc:subfield code="a">Artistas: India: Sheela Gowda, Bhupen Khakhar, Nalini Malani, Ravinder G. Reddy, N.N. Rimzon, Arpita Singh ; Indonesia: Nindityo Adipurnomo, Arahmaiani, I Wayan Bendi, Dadang Christanto, Heri Dono, FX Harsono ; Filipinas: Agnes Arellano, Imelda Cajipe-Endaya, Reamillo &amp; Juliet, Sanggawa Group ; Corea del Sur: Cho Duck Hyun, Choi Jeong-Hwa, Kim Ho-Suk, Soo-Ja Kim, Yun Suknam ; Thailandia: Montien Boonma, Kamol Phaosavasdi, Chatchai Puipia, Araya Rasdjarmrearnsook, Navin Rawanchaikul, Jakapan Vilasineekul</marc:subfield>
		</marc:datafield>
		<marc:datafield tag="585" ind1=" " ind2=" ">
			<marc:subfield code="a">Cata´logo editado con motivo de la exposicio´n Contemporary Art in Asia : traditions / tensions</marc:subfield>
		</marc:datafield>
		<marc:datafield tag="590" ind1="1" ind2=" ">
			<marc:subfield code="a">BCD8</marc:subfield>
		</marc:datafield>
		<marc:datafield tag="650" ind1=" " ind2="4">
			<marc:subfield code="a">Arte</marc:subfield>
			<marc:subfield code="z">Asia</marc:subfield>
			<marc:subfield code="y">S. XX</marc:subfield>
			<marc:subfield code="v">Exposiciones colectivas.</marc:subfield>
		</marc:datafield>
		<marc:datafield tag="700" ind1="1" ind2=" ">
			<marc:subfield code="a">Poshyananda, Apinan.</marc:subfield>
		</marc:datafield>
		<marc:datafield tag="710" ind1="2" ind2=" ">
			<marc:subfield code="a">Asia Society Galleries (Nueva York)</marc:subfield>
		</marc:datafield>
		<marc:datafield tag="850" ind1=" " ind2=" ">
			<marc:subfield code="a">ARTP</marc:subfield>
		</marc:datafield>
		<marc:datafield tag="852" ind1=" " ind2=" ">
			<marc:subfield code="a">ARTP</marc:subfield>
			<marc:subfield code="x">****</marc:subfield>
			<marc:subfield code="m">EC 287</marc:subfield>
			<marc:subfield code="q">Donacio´n</marc:subfield>
			<marc:subfield code="A">1   173@  </marc:subfield>
			<marc:subfield code="B">1493</marc:subfield>
			<marc:subfield code="F">1585          </marc:subfield>
			<marc:subfield code="S">EC 287</marc:subfield>
		</marc:datafield>
	</marc:record>
</marc:collection>
